VOL1BURQ66                           ****830000                                3                                                
HDR1 A606005Z0001                      F     01 03325              033250                                                       
UHL1 03325606005    00000000         000              TEST                                                                      
1234566717531501160193400000000000000000010381601934 05FEB 1321 171522                               04036                      
1234566717531501160052400000000000000000007819600524 05FEB 1309 171534                               04036                      
1234566717531501151610600000000000000000018176516106 05FEB 1011 171566                               04036                      
1234566717531501153220501060801000000000003509                  171470                               04036                      
1234566717531501130000001404375000000000003319                  681185                               04036                      
1234566717531501153220702057313000000000008596                  681189                               04036                      
1234566717531501153220502020136000000000008676                  681651                               04036                      
1234566717531501140700801374455000000000296007                  681654                               04036                      
1234566717531501760600529694590003500000012206PAYROLL    1MR                  BACS                   04036                      
1234566717531501760600529694590003500000003745PAYROLL    1MT                  BACS                   04036                      
1234566717531501760600529694590003500000059833PAYROLL    1MT                  BACS                   04036                      
1234566717531501760600529694590003500005911613PAYROLL    1MT                  BACS                   04036                      
1234566717531500300000000000000000000126573611  TO 57115966                                          04036                      
1234566717531500300000000000000000000005906588622259 03/02/2004                                      04036                      
1234566717531500300000000000000000000000288615NW-CHASE  PSC-0302KEIGHLEY                             04036                      
1234566717531509960800629696666000000000008939NORTHERN DIY   E  NORTHER DIY                          04036                      
123456671753150RA09000000050005C28300000002000COOPER PSC        X    8604879   MAG                   04036                      
1234566717531509909007290027067015500002856961NW BANK           000742800000003904                   04036                      
1234566717531509940441691006843000000000100000COOPER & HOBBIE   27720860                             04036                      
123456671753150RA04006000020034H14500000004300SUTCLIFFE         X    8604879   MAG                   04036                      
123456671753150RA03400600034003D04300000006204PRESCOT           X    8604879   MAG                   04036                      
1234566717531509360061400000000000000000290000WOODS  SHIPPING                                        04036                      
1234566717531509300000000000000000000010507229108634            536130                               04036                      
1234566717531509300000000000000000000007588322108635            536130                               04036                      
1234566717531509300000000000000000000000009802NW-EDINBURGH -0302               POS                   04036                      
1234566717531509300000000000000000000031425589HEART 2 HEART BR  CPH DEC02 V                          04036                      
123456671753150Y1              0000 000000038510000C000000000000000C000000056571776C000000038474276C 04036                      
1234566717531504400000000000000000000139112694                                                       04036                      
1234566717531505400000000000000000000052799346                                                       04036                      
UTL100002782253880000105598692000001600000120000001                                                                             
