VOL1                                 ****830000                                3                                                
HDR1 A876543Z0001                      F     01 06032              060320                                                       
UHL1 06032876543    00000000         000              Datalink Test File                                                          
8765438765432101112345678418953000000000006086                  123456                               06032                      
8765438765432101187654321459138000000000002654                  123456                               06032                      
8765438765432104400000000000000000000000008740                                                       06032                      
8765438765432105400000000000000000000000000000                                                       06032                      
8765437654321001112345678653945000000000002500                  123456                               06032                      
8765437654321009912345789446695000000000183500                  123456                               06032                      
8765437654321009930000004629648000000000010000                  123456                               06032                      
8765437654321001112345674671664000000000005000                  123456                               06032                      
8765437654321009300000000000000000000001273327PAYMENT FROM SBS  ABC55CI01234567                      06032                      
8765437654321004400000000000000000000001273327                                                       06032                      
8765437654321005400000000000000000000001273327                                                       06032                      
8765436543219801112345678445810000000003000000                  123456                               06032                      
8765436543219809300000000000000000000003000000/BNF/SBS HO CHQ   ABC55CI01234567                      06032                      
8765436543219804400000000000000000000003000000                                                       06032                      
8765436543219805400000000000000000000003000000                                                       06032                      
8765435432198701100000000000000000000000026000830608 00000000   123456                               06032                      
8765435432198701112345678429086000000000003000                  123456                               06032                      
8765435432198709912345678469072000000000007108                  123456                               06032                      
8765435432198701112345687417090000000000300000                  123456                               06032                      
8765435432198701112346789460145000000000010000                  123456                               06032                      
8765435432198700300000000000000000000000100000111111            0000000        SBT                   06032                      
8765435432198700300000000000000000000000200000222222            0000000        SBT                   06032                      
8765435432198709300000000000000000000112233445OUR REF           ABC55CI01235678                      06032                      
8765435432198704400000000000000000000546249137                                                       06032                      
8765435432198705400000000000000000000545923137                                                       06032                      
UTL10000554186444000066690384400000150000010                                                                                    
